<?xml version="1.0" encoding="UTF-8" ?>
<collection xmlns:xsi="http://www.w3.org/2001/XMLSchema-instance"
    xsi:schemaLocation="http://www.loc.gov/MARC21/slim
        http://www.loc.gov/standards/marcxml/schema/MARC21slim.xsd"
    xmlns="http://www.loc.gov/MARC21/slim">
<record>
  <leader>00252cam a2200481 i 4500</leader>
  <controlfield tag="001">b12490702</controlfield>
  <controlfield tag="003">LeBAU</controlfield>
  <controlfield tag="005">20171110</controlfield>
  <controlfield tag="008">970626s1953    ua            ||0 0 ara d</controlfield>
  <datafield tag="035" ind1=" " ind2=" ">
    <subfield code="a">ocn784351414</subfield>
  </datafield>
  <datafield tag="040" ind1=" " ind2=" ">
    <subfield code="a">LEAUB</subfield>
    <subfield code="b">ara</subfield>
    <subfield code="e">rda</subfield>
    <subfield code="c">LEAUB</subfield>
    <subfield code="d">LEAUB</subfield>
  </datafield>
  <datafield tag="082" ind1="0" ind2="4">
    <subfield code="a">492.75</subfield>
    <subfield code="2">23</subfield>
  </datafield>
  <datafield tag="100" ind1="1" ind2=" ">
    <subfield code="6">880-01</subfield>
    <subfield code="a">Ibn Hishām, ʻAbd Allāh ibn Yūsuf,</subfield>
    <subfield code="d">1309-1360,</subfield>
    <subfield code="e">author.</subfield>
  </datafield>
  <datafield tag="245" ind1="1" ind2="0">
    <subfield code="6">880-02</subfield>
    <subfield code="a">Sharḥ Shudhūr al-dhahab fī maʻrifat kalām al-ʻArab /</subfield>
    <subfield code="c">ta'līf Muḥammad Muḥyī al-Dīn ʻAbd al-Ḥamīd.</subfield>
    <subfield code="c">تأليف محمد محيي الدين عبد الحميد.</subfield>
    <subfield code="b">taʼlīf al-imām Abī Muḥammad ʻAbd Allāh Jamāl al-Dīn ibn Yūsuf ibn Aḥmad ibn ʻAbd Allāh ibn Hishām al-Anṣārī al-Miṣrī, al-mawlūd fī al-Qāhirah fī sanat 708 wa-al-mutawaffá fī sanat 761 min al-Hijrah. Wa-maʻahu Kitāb muntahá al-arab bi-taḥqīq sharḥ shudhūr al-dhahab /</subfield>
  </datafield>
  <datafield tag="250" ind1=" " ind2=" ">
    <subfield code="6">880-03</subfield>
    <subfield code="a">al-Ṭabʻah al-sādisah.</subfield>
  </datafield>
  <datafield tag="264" ind1=" " ind2="1">
    <subfield code="6">880-04</subfield>
    <subfield code="a">Miṣr :</subfield>
    <subfield code="b">Maṭbaʻat al-Sāʻādah,</subfield>
    <subfield code="c">1373 H. = 1953 M.</subfield>
  </datafield>
  <datafield tag="300" ind1=" " ind2=" ">
    <subfield code="6">880-05</subfield>
    <subfield code="a">480 pages ;</subfield>
    <subfield code="c">24 cm</subfield>
  </datafield>
  <datafield tag="336" ind1=" " ind2=" ">
    <subfield code="a">text</subfield>
    <subfield code="b">txt</subfield>
    <subfield code="2">rdacontent</subfield>
  </datafield>
  <datafield tag="337" ind1=" " ind2=" ">
    <subfield code="a">unmediated</subfield>
    <subfield code="b">n</subfield>
    <subfield code="2">rdamedia</subfield>
  </datafield>
  <datafield tag="338" ind1=" " ind2=" ">
    <subfield code="a">volume</subfield>
    <subfield code="b">nc</subfield>
    <subfield code="2">rdacarrier</subfield>
  </datafield>
  <datafield tag="500" ind1=" " ind2=" ">
    <subfield code="a">"قررت الإدارة العامة للجامع الأزهر تدريس هذا الكتاب لطلبة السنة الرابعة الإبتدائية في المعاهد الدينية."</subfield>
  </datafield>
  <datafield tag="600" ind1="1" ind2="4">
    <subfield code="a">ابن هشام، عبد الله بن يوسف،</subfield>
    <subfield code="d">1309-1360.</subfield>
    <subfield code="t">شذور الذهب في معرفة كلام العرب.</subfield>
  </datafield>
  <datafield tag="600" ind1="1" ind2="0">
    <subfield code="a">Ibn Hishām, ʻAbd Allāh ibn Yūsuf,</subfield>
    <subfield code="d">1309-1360.</subfield>
    <subfield code="t">Shudhūr al-dhahab fī maʻrifat kalām al-ʻArab.</subfield>
  </datafield>
  <datafield tag="650" ind1=" " ind2="4">
    <subfield code="a">اللغة العربية</subfield>
    <subfield code="x">قواعد.</subfield>
  </datafield>
  <datafield tag="650" ind1=" " ind2="0">
    <subfield code="a">Arabic language</subfield>
    <subfield code="x">Grammar.</subfield>
  </datafield>
  <datafield tag="700" ind1="1" ind2="2">
    <subfield code="6">880-06</subfield>
    <subfield code="a">Ibn Hishām, ʻAbd Allāh ibn Yūsuf,</subfield>
    <subfield code="d">1309-1360.</subfield>
    <subfield code="t">Shudhūr al-dhahab fī maʻrifat kalām al-ʻArab.</subfield>
  </datafield>
  <datafield tag="700" ind1="1" ind2="2">
    <subfield code="6">880-07</subfield>
    <subfield code="a">ʻAbd al-Ḥamīd, Muḥammad Muḥyī al-Dīn.</subfield>
    <subfield code="t">Muntahá al-arab bi-taḥqīq sharḥ shudhūr al-dhahab.</subfield>
  </datafield>
  <datafield tag="775" ind1="0" ind2="8">
    <subfield code="6">880-08</subfield>
    <subfield code="i">has designation of edition</subfield>
    <subfield code="4">http://rdaregistry.info/Elements/m/P30133 :</subfield>
    <subfield code="a">Ibn Hishām, ʻAbd Allāh ibn Yūsuf, 1309-1360.</subfield>
    <subfield code="t">Sharḥ shudhūr al-dhahab fī maʻrifat kalām al-ʻArab.</subfield>
    <subfield code="b">الطبعة التاسعة.</subfield>
    <subfield code="d">[place of publication not identified ] : [publisher not identified], [between 1970 and 2000?]</subfield>
    <subfield code="w">(LEAUB)b20608755</subfield>
    <subfield code="w">(OCoLC)784351428</subfield>
  </datafield>
  <datafield tag="775" ind1="0" ind2="8">
    <subfield code="6">880-09</subfield>
    <subfield code="i">has designation of edition</subfield>
    <subfield code="4">http://rdaregistry.info/Elements/m/P30133 :</subfield>
    <subfield code="a">Ibn Hishām, ʻAbd Allāh ibn Yūsuf, 1309-1360.</subfield>
    <subfield code="t">Sharḥ shudhūr al-dhahab fī maʻrifat kalām al-ʻArab.</subfield>
    <subfield code="d">al-Qāhirah : al-Maktabah al-Tijārīyah al-Kubrá, [1963]</subfield>
    <subfield code="w">(OCoLC)784351428</subfield>
    <subfield code="b">al-Ṭabʻah al-tāsiʻah.</subfield>
  </datafield>
  <datafield tag="852" ind1=" " ind2=" ">
    <subfield code="a">Jafet Library</subfield>
    <subfield code="e">American University of Beirut, Bliss Street, Beirut, Lebanon.</subfield>
  </datafield>
  <datafield tag="880" ind1="1" ind2=" ">
    <subfield code="6">100-01/(3/r</subfield>
    <subfield code="a">إبن هشام، عبد الله بن يوسف،</subfield>
    <subfield code="d">1309-1360،</subfield>
    <subfield code="e">مؤلف. </subfield>
    <subfield code="4">aut.</subfield>
  </datafield>
  <datafield tag="880" ind1="1" ind2="0">
    <subfield code="6">245-02/(3/r</subfield>
    <subfield code="a">شرح شذور الذهب في معرفة كلام العرب /</subfield>
    <subfield code="b">taʼlīf al-imām Abī Muḥammad ʻAbd Allāh Jamāl al-Dīn ibn Yūsuf ibn Aḥmad ibn ʻAbd Allāh ibn Hishām al-Anṣārī al-Miṣrī, al-mawlūd fī al-Qāhirah fī sanat 708 wa-al-mutawaffá fī sanat 761 min al-Hijrah. Wa-maʻahu Kitāb muntahá al-arab bi-taḥqīq sharḥ shudhūr al-dhahab /</subfield>
    <subfield code="c">تأليف الإمام أبي محمد عبد الله جمال الدين بن يوسف بن أحمد بن عبد الله إبن هشام الأنصاري المصري المولود في القاهرة في سنة 708 والمتوفى في سنة 761 من الهجرة. ومعه كتاب منتهى الأرب بتحقيق شرح شذور الذهب /</subfield>
  </datafield>
  <datafield tag="880" ind1=" " ind2=" ">
    <subfield code="6">250-03/(3/r</subfield>
    <subfield code="a">الطبعة السادسة.</subfield>
  </datafield>
  <datafield tag="880" ind1=" " ind2="1">
    <subfield code="6">264-04/(3/r</subfield>
    <subfield code="a">مصر :</subfield>
    <subfield code="b">مطبعة السعادة،</subfield>
    <subfield code="c">1373 هـ. = 1953 م.</subfield>
  </datafield>
  <datafield tag="880" ind1=" " ind2=" ">
    <subfield code="6">300-05/(3/r</subfield>
    <subfield code="a">480 صفحة ؛</subfield>
    <subfield code="c">24 سم</subfield>
  </datafield>
  <datafield tag="880" ind1="1" ind2="2">
    <subfield code="6">700-06/(3/r</subfield>
    <subfield code="a">ابن هشام، عبد الله بن يوسف،</subfield>
    <subfield code="d">1309-1360.</subfield>
    <subfield code="t">شذور الذهب في معرفة كلام العرب.</subfield>
  </datafield>
  <datafield tag="880" ind1="1" ind2="2">
    <subfield code="6">700-07/(3/r</subfield>
    <subfield code="a">عبد الحميد، محمد محي الدين.</subfield>
    <subfield code="t">منتهى الأرب بتحقيق شرح شذور الذهب.</subfield>
  </datafield>
  <datafield tag="880" ind1="0" ind2=" ">
    <subfield code="6">775-09/(3/r</subfield>
    <subfield code="i">دلالة على الطبعة</subfield>
    <subfield code="4">http://rdaregistry.info/Elements/m/P30133 :</subfield>
    <subfield code="a">إبن هشام، عبد الله بن يوسف، 1309-1360.</subfield>
    <subfield code="t">شرح شذور الذهب في معرفة كلام العرب. ومعه كتاب منتهى الارب بتحقيق شرح شذور الذهب.</subfield>
    <subfield code="d">القاهرة : المكتبة التجارية الكبرى، [1963]</subfield>
    <subfield code="w">(LEAUB)b12490714</subfield>
  </datafield>
  <datafield tag="880" ind1="0" ind2=" ">
    <subfield code="6">775-08/(3/r</subfield>
    <subfield code="i">دلالة على الطبعة</subfield>
    <subfield code="4">http://rdaregistry.info/Elements/m/P30133 :</subfield>
    <subfield code="a">إبن هشام، عبد الله بن يوسف، 1309-1360.</subfield>
    <subfield code="t">شرح شذور الذهب في معرفة كلام العرب.</subfield>
    <subfield code="b">al-Ṭabʻah al-tāsiʻah.</subfield>
    <subfield code="d">[مكان النشر غير محدد] : [الناشر غير محدد]، [ما بين 1970 و 2000؟]</subfield>
    <subfield code="w">(LEAUB)b12490714</subfield>
    <subfield code="w">(OCoLC)784351428</subfield>
  </datafield>
  <datafield tag="907" ind1=" " ind2=" ">
    <subfield code="a">.b12490702</subfield>
    <subfield code="b">20-02-10</subfield>
    <subfield code="c">11-05-24</subfield>
  </datafield>
  <datafield tag="907" ind1=" " ind2=" ">
    <subfield code="a">.b12490702</subfield>
    <subfield code="b">11-10-11</subfield>
    <subfield code="c">11-05-24</subfield>
  </datafield>
  <datafield tag="945" ind1=" " ind2=" ">
    <subfield code="f">J</subfield>
    <subfield code="a">492.75:I139s6A</subfield>
    <subfield code="i">01027474</subfield>
    <subfield code="j">.i12983445</subfield>
    <subfield code="l">u0503</subfield>
  </datafield>
  <datafield tag="998" ind1=" " ind2=" ">
    <subfield code="a">u05</subfield>
    <subfield code="b">97-06-26</subfield>
    <subfield code="c">m</subfield>
    <subfield code="d">a  </subfield>
    <subfield code="e">-</subfield>
    <subfield code="f">ara</subfield>
    <subfield code="g">ua </subfield>
    <subfield code="h">0</subfield>
    <subfield code="i">1</subfield>
  </datafield>
</record>
</collection>
